description,name,price,offer_price,meassure,pum,size,brand,meassure_description,market
CELTA leche entera envase 1.5 lt,Leche Entera UHT,1.17,,lt,78.0,1.5,CELTA,envase 1.5 lt,dia
LAUKI leche desnatada envase 1 lt,Leche Desnatada UHT con Vitamina D,0.79,,lt,79.0,1.0,LAUKI,envase 1 lt,dia
DIA VITAL bebida de soja envase 1 lt,,0.95,,lt,95.0,1.0,DIAVITAL,envase 1 lt,dia
ASTURIANA leche semidesnatada botella 1.5 lt,Leche UHT SEMIDESNATADA,1.26,,lt,84.0,1.5,ASTURIANA,botella 1.5 lt,dia
DIA leche condensada bote 1 Kg,,1.99,,Kg,199.0,1.0,DIAK,bote 1 Kg,dia
DIA leche semidesnatada envase 1 lt,,0.58,,lt,58.0,1.0,DIA,envase 1 lt,dia
DIA leche desnatada envase 1 lt,,0.57,,lt,57.0,1.0,DIA,envase 1 lt,dia
DIA leche entera envase 1 lt,,0.59,,lt,59.0,1.0,DIA,envase 1 lt,dia
PULEVA leche semidesnatada calcio envase 1 lt,"Leche semidesnatada enriquecida en proteinas, calcio y vitaminas A, D y K. UHT",1.19,,lt,119.0,1.0,PULEVA,envase 1 lt,dia
PULEVA leche desnatada calcio envase 1 lt,"Leche desnatada enriquecida en proteinas, calcio y vitaminas A, D y K. UHT",1.19,,lt,119.0,1.0,PULEVA,envase 1 lt,dia
ASTURIANA leche semidesnatada envase 1 lt,Leche UHT SEMIDESNATADA,0.79,,lt,79.0,1.0,ASTURIANA,envase 1 lt,dia
LAUKI leche entera envase 1 lt,Leche Entera UHT,0.79,,lt,79.0,1.0,LAUKI,envase 1 lt,dia
ASTURIANA leche entera envase 1 lt,Leche UHT entera,0.79,,lt,79.0,1.0,ASTURIANA,envase 1 lt,dia
ASTURIANA leche desnatada envase 1 lt,Leche UHT desnatada,0.79,,lt,79.0,1.0,ASTURIANA,envase 1 lt,dia
RAM chocolate a la taza envase 1 lt,Producto lácteo con chocolate. UHT,1.85,,lt,185.0,1.0,RAM,envase 1 lt,dia
PULEVA leche entera calcio slim envase 1 lt,"Leche entera enriquecida en proteinas, calcio y vitaminas A, D y K. UHT",1.19,,lt,119.0,1.0,PULEVA,envase 1 lt,dia
ASTURIANA leche con fibra envase 1 lt,Bebida láctea UHT con FIBRA,1.25,,lt,125.0,1.0,ASTURIANA,envase 1 lt,dia
PULEVA leche omega3 envase 1 lt,"Bebida láctea con Omega 3 y vitaminas A, B6, B9 (ácido fólico), C, D y E. UHT.",1.45,,lt,145.0,1.0,PULEVA,envase 1 lt,dia
CELTA leche semidesnatada envase 1.5 lt,Leche Semidesnatada UHT,1.19,,lt,79.0,1.5,CELTA,envase 1.5 lt,dia
LAUKI leche semidesnatada envase 1 lt,Leche Semidesnatada UHT con Vitamina D,0.79,,lt,79.0,1.0,LAUKI,envase 1 lt,dia
DIA leche semidesnatada calcio envase 1 lt,,0.71,,lt,71.0,1.0,DIA,envase 1 lt,dia
DIA leche entera calcio envase 1 lt,,0.72,,lt,72.0,1.0,DIA,envase 1 lt,dia
DIA leche desnatada calcio envase 1 lt,,0.7,,lt,70.0,1.0,DIA,envase 1 lt,dia
DIA bebida láctea omega 3 envase 1 lt,,0.88,,lt,88.0,1.0,DIA,envase 1 lt,dia
ALPRO bebida soja envase 1 lt,"Bebida de soja UHT enriquecida con calcio y vitaminas (B2,B12 y D)",1.49,,lt,149.0,1.0,ALPRO,envase 1 lt,dia
FLORA Folic B leche semidesnatada envase 1 lt,"Bebida UHT de leche desnatada con aceites vegetales (1.6%) enriquecida con vitaminas A, D, E, B1, B6, B12 y ácido fólico",1.54,,lt,154.0,1.0,FLORAFB,envase 1 lt,dia
PULEVA Max energía y crecimiento envase 1 lt,Bebida láctea infantil con omega 3.UHT,1.35,,lt,135.0,1.0,PULEVAM,envase 1 lt,dia
PASCUAL leche entera envase 1 lt,Leche entera UHT,0.89,,lt,89.0,1.0,PASCUAL,envase 1 lt,dia
PASCUAL leche semidesnatada envase 1 lt,Leche semidesnatada UHT,0.89,,lt,89.0,1.0,PASCUAL,envase 1 lt,dia
PASCUAL leche desnatada envase 1 lt,Leche desnatada UHT,0.89,,lt,89.0,1.0,PASCUAL,envase 1 lt,dia
VIVESOY bebida de soja envase 1 lt,Bebida de soja con calcio y vitaminas A y D.,1.49,,lt,149.0,1.0,VIVESOY,envase 1 lt,dia
ASTURIANA leche entera botella 1.5 lt,Leche UHT entera,1.26,,lt,84.0,1.5,ASTURIANA,botella 1.5 lt,dia
ASTURIANA leche desnatada botella 1.5 lt,Leche UHT desnatada,1.26,,lt,84.0,1.5,ASTURIANA,botella 1.5 lt,dia
MARDEL dulce de leche frasco 450 gr,Dulce de leche,2.59,,gr,576.0,450.0,MARDEL,frasco 450 gr,dia
UNICLA leche semidesnatada envase 1 lt,Leche UHT Semidesnatada,0.99,,lt,99.0,1.0,UNICLA,envase 1 lt,dia
PASCUAL leche semidesnatada calcio envase 1 lt,"Leche semidesnatada UHT enriquecida en proteinas de la leche, calcio, fosforo y vitaminas A, D, E, K y ácido fólico.",1.39,,lt,139.0,1.0,PASCUAL,envase 1 lt,dia
ASTURIANA leche semidesnatada botella 2.2 lt,Leche UHT semidesnatada,1.59,,lt,72.0,2.2,ASTURIANA,botella 2.2 lt,dia
ALPRO bebida de arroz envase 1 lt,Bebida de arroz UHT enriquecida con calcio y vitaminas B12 y D,1.95,,lt,195.0,1.0,ALPRO,envase 1 lt,dia
ASTURIANA leche semidesnatada sin lactosa envase 1 lt,Leche UHT semidesnatada sin lactosa,0.92,,lt,92.0,1.0,ASTURIANA,envase 1 lt,dia
CELTA leche semidesnatada sin lactosa envase 1 lt,Leche Semidesnatada UHT Sin Lactosa,1.0,,lt,100.0,1.0,CELTA,envase 1 lt,dia
ASTURIANA leche desnatada naturcol botella 1 lt,Bebida láctea UHT con esteroles vegetales,1.29,,lt,129.0,1.0,ASTURIANA,botella 1 lt,dia
ALPRO leche de almendras envase 1 lt,"Leche de almendras UHT enriquecida con calcio y vitaminas (D,E,B2,B12)",1.95,,lt,195.0,1.0,ALPRO,envase 1 lt,dia
ASTURIANA leche desnatada 0% M.G. sin lactosa envase 1 lt,"LESLAC- Leche 1,5-1,55%MG",0.92,,lt,92.0,1.0,ASTURIANAMG,envase 1 lt,dia
VIVESOY bebida de avena envase 1 lt,Bebida de Avena con Calcio y Vitamina D,1.85,,lt,185.0,1.0,VIVESOY,envase 1 lt,dia
DIA VITAL leche desnatada sin lactosa envase 1 lt,,0.75,,lt,75.0,1.0,DIAVITAL,envase 1 lt,dia
ALPRO bebida de coco envase 1 lt,Bebida de Coco U.H.T. con Arroz enriquecida con calcio y vitaminas (B12 y D),1.89,,lt,189.0,1.0,ALPRO,envase 1 lt,dia
ALMOND BREEZE leche de almendras zero envase 1 lt,Bebida De Almendras UHT con calcio y vitaminas 'Zero',1.85,,lt,185.0,1.0,ALMONDBREEZE,envase 1 lt,dia
DIA VITAL bebida de avena envase 1 lt,,1.19,,lt,119.0,1.0,DIAVITAL,envase 1 lt,dia
"ASTURIANA leche desnatada 0,0% M.G. envase 1 lt",Leche UHT DESNATADA 0%MG,0.79,,lt,79.0,1.0,ASTURIANAMG,envase 1 lt,dia
PASCUAL leche entera sin lactosa envase 1 lt,Leche entera UHT sin lactosa con vitamina B6,1.09,,lt,109.0,1.0,PASCUAL,envase 1 lt,dia
COVAP leche semidesnatada de cabra envase 1 lt,Leche semidesnatada de cabra UHT,1.49,,lt,149.0,1.0,COVAP,envase 1 lt,dia
DIA leche condensada bote 450 gr,,1.39,,gr,309.0,450.0,DIA,bote 450 gr,dia
DIA leche condensada desnatada bote 450 gr,,1.59,,gr,353.0,450.0,DIA,bote 450 gr,dia
DIA VITAL bebida de soja con chocolate pack 3 unidades 200 ml,,1.25,,ml,208.0,200.0,DIAVITAL,unidades 200 ml,dia
DIA VITAL bebida de almendras envase 1 lt,,1.49,,lt,149.0,1.0,DIAVITAL,envase 1 lt,dia
DIA VITAL bebida de arroz envase 1 lt,,1.19,,lt,119.0,1.0,DIAVITAL,envase 1 lt,dia
PASCUAL leche desnatada calcio envase 1 lt,"Leche desnatada UHT enriquecida en proteinas de la leche, calcio, fosforo y vitaminas A, D, E, K y ácido fólico.",1.39,,lt,139.0,1.0,PASCUAL,envase 1 lt,dia
PASCUAL leche semidesnatada sin lactosa envase 1 lt,Leche semidesnatada UHT sin lactosa con vitamina B6,1.09,,lt,109.0,1.0,PASCUAL,envase 1 lt,dia
PASCUAL leche desnatada sin lactosa envase 1 lt,Leche desnatada UHT sin lactosa con vitamina B6,1.09,,lt,109.0,1.0,PASCUAL,envase 1 lt,dia
PULEVA leche omega 3 con nueces envase 1 lt,"Bebida láctea con Omega 3, nueces y vitaminas A, B6, B9 (ácido fólico), C, D y E. UHT.",1.45,,lt,145.0,1.0,PULEVA,envase 1 lt,dia
VIVESOY bebida de soja ligera envase 1 lt,Bebida de soja ligera con calcio y vitaminas A y D,1.49,,lt,149.0,1.0,VIVESOY,envase 1 lt,dia
PULEVA Max crecimiento con cereales envase 1 lt,Bebida láctea infantil con cereales y omega 3.UHT,1.45,,lt,145.0,1.0,PULEVAM,envase 1 lt,dia
DIA VITAL bebida de soja light envase 1 lt,,0.89,,lt,89.0,1.0,DIAVITAL,envase 1 lt,dia
DIA VITAL leche semidesnatada sin lactosa envase 1 lt,,0.75,,lt,75.0,1.0,DIAVITAL,envase 1 lt,dia
ALPRO bebida de soja ligera envase 1 lt,"Bebida de soja ligera UHT reducida en grasa, enriquecida con calcio y vitaminas (B2,B12 y D)",1.49,,lt,149.0,1.0,ALPRO,envase 1 lt,dia
PULEVA leche semidesnatada ecológica envase 1 lt,Leche UHT Semidesnatada de Agricultura Ecológica.,1.35,,lt,135.0,1.0,PULEVA,envase 1 lt,dia
IDEAL leche evaporada envase 525 gr,Leche evaporada parcialmente desnatada. Materia grasa: 4%. Extracto seco magro lácteo: 20%.,1.99,,gr,379.0,525.0,IDEAL,envase 525 gr,dia
ALPRO bebida de avena envase 1 lt,Bebida de avena UHT enriquecida con calcio y vitamina D,1.85,,lt,185.0,1.0,ALPRO,envase 1 lt,dia
DIA VITAL leche entera sin lactosa envase 1 lt,,0.75,,lt,75.0,1.0,DIAVITAL,envase 1 lt,dia
ECOCESTA bebida vegetal de almendras bio envase 1 lt,Bebida vegetal,2.39,,lt,239.0,1.0,ECOCESTA,envase 1 lt,dia
ECOCESTA bebida vegetal de avena bio envase 1 lt,Bebida vegetal,1.89,,lt,189.0,1.0,ECOCESTA,envase 1 lt,dia
DIA DELICIOUS leche entera fresca botella 1.5 lt,,1.19,,lt,79.0,1.5,DIADELICIOUS,botella 1.5 lt,dia
DIA DELICIOUS leche semidesnatada fresca botella 1.5 lt,,1.18,,lt,79.0,1.5,DIADELICIOUS,botella 1.5 lt,dia
ASTURIANA leche entera sin lactosa envase 1 lt,,0.92,,lt,92.0,1.0,ASTURIANA,envase 1 lt,dia
ASTURIANA Suprema leche desnatada botella 1 lt,Leche UHT desnatada ultrafiltrada sin lactosa con vitamina D,1.05,,lt,105.0,1.0,ASTURIANAS,botella 1 lt,dia
PASCUAL leche entera pack 6 unidades 200 ml,Leche entera UHT,1.85,,ml,154.0,200.0,PASCUAL,unidades 200 ml,dia
PASCUAL leche semidesnatada salud envase1 lt,"Leche semidesnatada UHT con vitaminas (A, D, B6, B12 y ácido folico) y minerales (zinc y selenio)",0.99,,lt,99.0,1.0,PASCUAL,salud envase1 lt,dia
YOSOY bebida de avena envase 1 lt,bebida de Avena UHT,1.45,,lt,145.0,1.0,YOSOY,envase 1 lt,dia
CELTA leche semidesnatada Bio ecológica envase 1 lt,Leche Semidesnatada UHT Ecológica,1.09,,lt,109.0,1.0,CELTAB,envase 1 lt,dia
